@book{huang2001spoken,
  title={Spoken language processing: A guide to theory, algorithm, and system development},
  author={Huang, Xuedong and Acero, Alex and Hon, Hsiao-Wuen and Foreword By-Reddy, Raj},
  year={2001},
  publisher={Prentice Hall PTR}
}
@inproceedings{wilcock2013wikitalk,
  title={WikiTalk human-robot interactions},
  author={Wilcock, Graham and Jokinen, Kristiina},
  booktitle={Proceedings of the 15th ACM on International Conference on Multimodal Interaction (ICMI)},
  pages={73--74},
  year={2013},
  organization={ACM}
}
@incollection{jokinen2014multimodal,
  title={Multimodal open-domain conversations with the {Nao} robot},
  author={Jokinen, Kristiina and Wilcock, Graham},
  booktitle={Natural Interaction with Robots, Knowbots and Smartphones},
  pages={213--224},
  year={2014},
  publisher={Springer}
}
@inproceedings{jokinen2014open,
  title={Open-domain Interaction and Online Content in the Sami Language},
  author={Jokinen, Kristiina},
  booktitle={Proceedings of the Language Resources and Evaluation Conference (LREC 2014)},
  year={2014}
}
@article{hirsimaki2006unlimited,
  title={Unlimited vocabulary speech recognition with morph language models applied to {Finnish}},
  author={Hirsim{\"a}ki, Teemu and Creutz, Mathias and Siivola, Vesa and Kurimo, Mikko and Virpioja, Sami and Pylkk{\"o}nen, Janne},
  journal={Computer Speech \& Language},
  volume={20},
  number={4},
  pages={515--541},
  year={2006},
  publisher={Elsevier}
}
@article{hirsimaki2009importance,
  title={Importance of high-order n-gram models in morph-based speech recognition},
  author={Hirsim{\"a}ki, Teemu and Pylkk{\"o}nen, Janne and Kurimo, Mikko},
  journal={Audio, Speech, and Language Processing, IEEE Transactions on},
  volume={17},
  number={4},
  pages={724--732},
  year={2009},
  publisher={IEEE}
}
@article{virpioja2013morfessor,
  title={Morfessor 2.0: {Python} implementation and extensions for {Morfessor} baseline},
  author={Virpioja, Sami and Smit, Peter and Gr{\"o}nroos, Stig-Arne and Kurimo, Mikko and others},
  year={2013},
  publisher={Aalto University}
}
@article{pylkkonen2013towards,
  title={Towards efficient and robust automatic speech recognition: decoding techniques and discriminative training},
  author={Pylkk{\"o}nen, Janne and others},
  year={2013},
  publisher={Aalto University}
}
